@article{chakraborty2020multiphonon,
  title={Multiphonon longitudinal wobbling in 127Xe},
  author={Chakraborty, S and Sharma, HP and Tiwary, SS and Majumder, C and Gupta, AK and Banerjee, P and Ganguly, S and Rai, S and Kumar, S and Kumar, A and others},
  journal={Physics Letters B},
  volume={811},
  pages={135854},
  year={2020},
  publisher={Elsevier}
}

@article{chen2020interpretation,
  title={Interpretation of the quasiparticle plus triaxial rotor model},
  author={Chen, QB and Frauendorf, S},
  journal={arXiv preprint arXiv:2012.03499},
  year={2020}
}

@article{guo2020risk,
  title={Risk of misinterpretation of low-spin non-yrast bands as wobbling bands},
  author={Guo, S and Zhou, XH and Petrache, CM and Lawrie, EA and Mthembu, S and Fang, YD and Wu, HY and Wang, HL and Meng, HY and Li, GS and others},
  journal={arXiv preprint arXiv:2011.14354},
  year={2020}
}

@book{bohr1998nuclear,
  title={Nuclear structure},
  author={Bohr, Aage and Mottelson, Ben R},
  volume={1},
  year={1998},
  publisher={World Scientific}
}

@article{jensen2002wobbling,
  title={Wobbling phonon excitations, coexisting with normal deformed structures in 163Lu},
  author={Jensen, Dennis Ringkj{\o}bing and Hagemann, Gudrun Bertram and Hamamoto, Ikuko and {\O}deg{\aa}rd, SW and Bergstr{\"o}m, M and Herskind, B and Sletten, Geirr and T{\"o}rm{\"a}nen, S and Wilson, JN and Tj{\o}m, PO and others},
  journal={Nuclear Physics A},
  volume={703},
  number={1-2},
  pages={3--44},
  year={2002},
  publisher={Elsevier}
}

@article{odegaard2001evidence,
  title={Evidence for the wobbling mode in nuclei},
  author={{\O}deg{\aa}rd, SW and Hagemann, Gudrun Bertram and Jensen, Dennis Ringkjà¹˜bing and Bergstr{\"o}m, M and Herskind, Bent and Sletten, G and T{\"o}rm{\"a}nen, S and Wilson, JN and Tj{\o}m, PO and Hamamoto, Ikuko and others},
  journal={Physical Review Letters},
  volume={86},
  number={26},
  pages={5866},
  year={2001},
  publisher={APS}
}

@article{frauendorf2014transverse,
  title={Transverse wobbling: A collective mode in odd-A triaxial nuclei},
  author={Frauendorf, S and D{\"o}nau, F},
  journal={Physical Review C},
  volume={89},
  number={1},
  pages={014322},
  year={2014},
  publisher={APS}
}

@article{raduta2020towards,
  title={Towards a new semi-classical interpretation of the wobbling motion in 163Lu},
  author={Raduta, AA and Poenaru, R and Raduta, CM},
  journal={Journal of Physics G: Nuclear and Particle Physics},
  volume={47},
  number={2},
  pages={025101},
  year={2020},
  publisher={IOP Publishing}
}